@article{kirchner2003friction,
  title     = {Friction effects and clogging in a cellular automaton model for pedestrian dynamics},
  author    = {Kirchner, Ansgar and Nishinari, Katsuhiro and Schadschneider, Andreas},
  journal   = {Physical review E},
  volume    = {67},
  number    = {5},
  pages     = {056122},
  year      = {2003},
  publisher = {APS}
}

@phdthesis{schlake2011mathematical,
  title  = {Mathematical models for particle transport: Crowded motion},
  author = {Schlake, B{\"a}rbel Angelika},
  year   = {2011},
  school = {Citeseer}
}

@article{fischer2019micro,
  title   = {Micro-and macroscopic modeling of crowding and pushing in corridors},
  author  = {Fischer, Michael and Jankowiak, Gaspard and Wolfram, Marie-Therese},
  journal = {arXiv preprint arXiv:1911.10404},
  year    = {2019}
}

@article{yates2015incorporating,
  title     = {Incorporating pushing in exclusion-process models of cell migration},
  author    = {Yates, Christian A and Parker, Andrew and Baker, Ruth E},
  journal   = {Physical Review E},
  volume    = {91},
  number    = {5},
  pages     = {052711},
  year      = {2015},
  publisher = {APS}
}

@phdthesis{Michi,
  author = {Michael Fischer},
  school = {Universit√§t Wien},
  title  = {Applications of interacting particle systems in life- and
            social-sciences across scales},
  year   = {2022}
}

@article{zheng2009modeling,
  title     = {Modeling crowd evacuation of a building based on seven methodological approaches},
  author    = {Zheng, Xiaoping and Zhong, Tingkuan and Liu, Mengting},
  journal   = {Building and environment},
  volume    = {44},
  number    = {3},
  pages     = {437--445},
  year      = {2009},
  publisher = {Elsevier}
}

@misc{loveparade,
  author       = {none},
  title        = {{Massenpanik in Duisburg}},
  howpublished = {\url{https://www.tagesschau.de/multimedia/bilder/massenpanik112.html}},
  year         = {2010},
  note         = {[Online; accessed 10-January-2023]}
}

@article{wolfram1983statistical,
  title     = {Statistical mechanics of cellular automata},
  author    = {Wolfram, Stephen},
  journal   = {Reviews of modern physics},
  volume    = {55},
  number    = {3},
  pages     = {601},
  year      = {1983},
  publisher = {APS}
}
@article{fredkin1982conservative,
  title     = {Conservative logic},
  author    = {Fredkin, Edward and Toffoli, Tommaso},
  journal   = {International Journal of theoretical physics},
  volume    = {21},
  number    = {3-4},
  pages     = {219--253},
  year      = {1982},
  publisher = {Springer}
}

@article{helbing1995social,
  title     = {Social force model for pedestrian dynamics},
  author    = {Helbing, Dirk and Molnar, Peter},
  journal   = {Physical review E},
  volume    = {51},
  number    = {5},
  pages     = {4282},
  year      = {1995},
  publisher = {APS}
}

@article{zarboutis2004searching,
  title     = {Searching efficient plans for emergency rescue through simulation: the case of a metro fire},
  author    = {Zarboutis, Nikos and Marmaras, Nicolas},
  journal   = {Cognition, Technology \& Work},
  volume    = {6},
  pages     = {117--126},
  year      = {2004},
  publisher = {Springer}
}

@article{ehrhardt2013not,
  title     = {The Not-so-Random Drunkard's Walk},
  author    = {Ehrhardt, George},
  journal   = {Journal of Statistics Education},
  volume    = {21},
  number    = {2},
  year      = {2013},
  publisher = {Taylor \& Francis}
}

@article{keller1970initiation,
  title     = {Initiation of slime mold aggregation viewed as an instability},
  author    = {Keller, Evelyn F and Segel, Lee A},
  journal   = {Journal of theoretical biology},
  volume    = {26},
  number    = {3},
  pages     = {399--415},
  year      = {1970},
  publisher = {Elsevier}
}

@article{kirchner2002simulation,
  title     = {Simulation of evacuation processes using a bionics-inspired cellular automaton model for pedestrian dynamics},
  author    = {Kirchner, Ansgar and Schadschneider, Andreas},
  journal   = {Physica A: statistical mechanics and its applications},
  volume    = {312},
  number    = {1-2},
  pages     = {260--276},
  year      = {2002},
  publisher = {Elsevier}
}

@article{PhysRevE.51.4282,
  title = {Social force model for pedestrian dynamics},
  author = {Helbing, Dirk and Moln\'ar, P\'eter},
  journal = {Phys. Rev. E},
  volume = {51},
  issue = {5},
  pages = {4282--4286},
  numpages = {0},
  year = {1995},
  month = {May},
  publisher = {American Physical Society},
  doi = {10.1103/PhysRevE.51.4282},
  url = {https://link.aps.org/doi/10.1103/PhysRevE.51.4282}
}

@article{henderson1971statistics,
  title={The statistics of crowd fluids},
  author={Henderson, LF},
  journal={nature},
  volume={229},
  number={5284},
  pages={381--383},
  year={1971},
  publisher={Nature Publishing Group UK London}
}

@inproceedings{bradley1993proposed,
  title={A proposed mathematical model for computer prediction of crowd movements and their associated risks},
  author={Bradley, GE},
  booktitle={Proceedings of the International Conference on Engineering for Crowd Safety},
  pages={303--311},
  year={1993},
  organization={Elsevier Publishing Company London}
}

@article{hughes2002continuum,
  title={A continuum theory for the flow of pedestrians},
  author={Hughes, Roger L},
  journal={Transportation Research Part B: Methodological},
  volume={36},
  number={6},
  pages={507--535},
  year={2002},
  publisher={Elsevier}
}

@article{goldstone2005computational,
  title={Computational models of collective behavior},
  author={Goldstone, Robert L and Janssen, Marco A},
  journal={Trends in cognitive sciences},
  volume={9},
  number={9},
  pages={424--430},
  year={2005},
  publisher={Elsevier}
}

@article{pan2007multi,
  title={A multi-agent based framework for the simulation of human and social behaviors during emergency evacuations},
  author={Pan, Xiaoshan and Han, Charles S and Dauber, Ken and Law, Kincho H},
  journal={Ai \& Society},
  volume={22},
  pages={113--132},
  year={2007},
  publisher={Springer}
}

@article{nishinari2004extended,
  title={Extended floor field CA model for evacuation dynamics},
  author={Nishinari, Katsuhiro and Kirchner, Ansgar and Namazi, Alireza and Schadschneider, Andreas},
  journal={IEICE Transactions on information and systems},
  volume={87},
  number={3},
  pages={726--732},
  year={2004},
  publisher={The Institute of Electronics, Information and Communication Engineers}
}

@inproceedings{harrison2010introduction,
  title={Introduction To Monte Carlo Simulation},
  author={Harrison, Robert L},
  booktitle={AIP Conf Proc},
  volume={1204},
  pages={17--21},
  year={2010}
}
