@article{song2018data,
  title={A data-driven neural network approach to simulate pedestrian movement},
  author={Song, Xiao and Han, Daolin and Sun, Jinghan and Zhang, Zenghui},
  journal={Physica A: Statistical Mechanics and its Applications},
  volume={509},
  pages={827--844},
  year={2018},
  publisher={Elsevier}
}