@article{song2018data,
  title={A data-driven neural network approach to simulate pedestrian movement},
  author={Song, Xiao and Han, Daolin and Sun, Jinghan and Zhang, Zenghui},
  journal={Physica A: Statistical Mechanics and its Applications},
  volume={509},
  pages={827--844},
  year={2018},
  publisher={Elsevier}
}

@phdthesis{Michi,
  author      = {Michael Fischer},
  school      = {Universität Wien},
  title       = {Applications of interacting particle systems in life- and
social-sciences across scales},
  year        = {2022}
}

@mastersthesis{key,
  author  = {Julia Glock},
  school  = {Universität Wien},
  title   = {Infektionsraten über eindimensionale zelluläre
Automaten},
  year    = {2021}
}

@phdthesis{schlake2011mathematical,
  title={Mathematical models for particle transport: Crowded motion},
  author={Schlake, B{\"a}rbel Angelika},
  year={2011},
  school={Citeseer}
}

@article{fischer2019micro,
  title={Micro-and macroscopic modeling of crowding and pushing in corridors},
  author={Fischer, Michael and Jankowiak, Gaspard and Wolfram, Marie-Therese},
  journal={arXiv preprint arXiv:1911.10404},
  year={2019}
}